%% This BibTeX bibliography file was created using BibDesk.
%% http://bibdesk.sourceforge.net/


%% Created for Seth Johnson at 2010-01-15 15:01:56 -0500 


%% Saved with string encoding Unicode (UTF-8) 


@ONLINE{cyclus2015,
	author = {{the Cyclus Development Team}},
	title = {{Cyclus}},
	year = {2015},
	note = {http://fuelcycle.org/}
}

@ONLINE{pandas0.15.2,
	author = {{the Pandas Development Team}},
	title = {{Pandas}},
	year = {2014},
	note = {http://pandas.pydata.org/}
}

@article{cyclus_v1.2,
	author = "Robert Carlsen and Robert Flanagan and Matthew Gidden and Anthony Scopatz and John D. Xia",
	title = "{Cyclus v1.2.0}",
	journal = "figshare",
	year = "2014",
	month = "12",
	url = "http://dx.doi.org/10.6084/m9.figshare.1256424"
}

@article{cymetric,
	author = "Arrielle Opotowsky and Olzhas Rakhimov and Anthony Scopatz",
	title = "{Cymetric Pre-release}",
	journal = "figshare",
	year = "2015",
	month = "03",
	url = "http://dx.doi.org/10.6084/m9.figshare.1330168"
}

@book{owens2006definitive,
	title={The definitive guide to SQLite},
	author={Owens, Michael and Allen, Grant},
	volume={1},
	year={2006},
	publisher={Springer}
}

@inproceedings{folk2011overview,
	title={An overview of the HDF5 technology suite and its applications},
	author={Folk, Mike and Heber, Gerd and Koziol, Quincey and Pourmal, Elena     and Robinson, Dana},
	booktitle={Proceedings of the EDBT/ICDT 2011 Workshop on Array Databases},
	pages={36--47},
	year={2011},
	organization={ACM}
}

@misc{livnat_cyclist_2014,
	address = {Salt Lake City, UT, United States},
	title = {Cyclist},
	shorttitle = {Cyclus output visualization tool},
	url = {github.com/SCI-Utah/cnome},
	publisher = {SCI Institute, University of Utah},
	author = {Livnat, Yarden and Gur, Haya and Potter, Kristi and Flanagan, Robert},
	month = oct,
	year = {2014}
}